@inproceedings{bertinetto2016fully,
  title={Fully-convolutional siamese networks for object tracking},
  author={Bertinetto, Luca and Valmadre, Jack and Henriques, Joao F and Vedaldi, Andrea and Torr, Philip HS},
  booktitle={European conference on computer vision},
  pages={850--865},
  year={2016},
  organization={Springer}
}

@inproceedings{koch2015siamese,
  title={Siamese neural networks for one-shot image recognition},
  author={Koch, Gregory and Zemel, Richard and Salakhutdinov, Ruslan and others},
  booktitle={ICML deep learning workshop},
  volume={2},
  year={2015},
  organization={Lille}
}

@inproceedings{ghojogh2020fisher,
  title={Fisher discriminant triplet and contrastive losses for training siamese networks},
  author={Ghojogh, Benyamin and Sikaroudi, Milad and Shafiei, Sobhan and Tizhoosh, Hamid R and Karray, Fakhri and Crowley, Mark},
  booktitle={2020 international joint conference on neural networks (IJCNN)},
  pages={1--7},
  year={2020},
  organization={IEEE}
}
